<?xml version="1.0" encoding="UTF-8"?><collection xmlns="http://www.loc.gov/MARC21/slim"><record><leader>00327nam--2200133-i-4500</leader><controlfield tag="001">000040906</controlfield><controlfield tag="002">20161230</controlfield><controlfield tag="005">20161230201042</controlfield><controlfield tag="008">060222s1000------------r-----000-0-eng-d</controlfield><datafield ind1=" " ind2=" " tag="080"><subfield code="a">54</subfield></datafield><datafield ind1=" " ind2=" " tag="245"><subfield code="a">Survey of progress in chemistry</subfield></datafield><datafield ind1=" " ind2=" " tag="260"><subfield code="a">New York, London, Acad.Press, 1963, 373p</subfield></datafield><datafield ind1=" " ind2=" " tag="700"><subfield code="a">Scott, Arthur F</subfield></datafield><datafield ind1=" " ind2=" " tag="852"><subfield code="a">19766</subfield></datafield></record></collection>